@inproceedings{Luthmann2017,
	author={Luthmann, Lars and Stephan, Andreas and B端rdek, Johannes and Lochau, Malte},
	title={{Modeling and Testing Product Lines with Unbounded Parametric Real-Time Constraints}},
	booktitle={21st International Systems and Software Product Line Conference (SPLC '17)},
	year={2017},
	isbn={978-1-4503-5221-5},
	pages={104--113},
	doi={10.1145/3106195.3106204},
	publisher={ACM}
}

@article{Luthmann2019,
    title={Minimum/maximum delay testing of product lines with unbounded parametric real-time constraints},
    journal={Journal of Systems and Software (JSS)},
    volume={149},
    pages={535--553},
    year={2019},
    issn={0164-1212},
    doi={10.1016/j.jss.2018.12.028},
    author={Luthmann, Lars and Gerecht, Timo and Stephan, Andreas and B端rdek, Johannes and Lochau, Malte},
}

@inproceedings{Ruland2018,
	author={Ruland, Sebastian and Luthmann, Lars and B端rdek, Johannes and Lity, Sascha and Th端m, Thomas and Lochau, Malte and Ribeiro, M\'{a}rcio},
	title={{Measuring Effectiveness of Sample-Based Product-line Testing}},
	booktitle={17th ACM SIGPLAN International Conference on Generative Programming: Concepts and Experiences (GPCE '18)},
	year={2018},
	isbn={978-1-4503-6045-6},
	pages={119--133},
	doi={10.1145/3278122.3278130},
	publisher={ACM}
}

@misc{parallel-computing,
	author={Blaise Barney},
	title={Introduction to Parallel Computing},
	note={\url{https://computing.llnl.gov/tutorials/parallel_comp} (Letzter Zugriff: 2024-05-07)},
}

@phdthesis{tomaszek_stefan_modellbasierte_2021,
	year={2021},
	author={Stefan Tomaszek},
	address={Darmstadt},
	school={Technische Universit{\"a}t},
	title={Modellbasierte Einbettung von virtuellen Netzwerken in Rechenzentren},
	doi={10.12921/tuprints-00017362}
}

@book{gtTaentzer,
	title={Fundamentals of Algebraic Graph Transformation},
	author={Hartmut Ehrig and Karsten Ehrig and Ulrike Prange and Gabriele Taentzer},
	year={2006},
	publisher={Springer Berlin, Heidelberg},
	doi={10.1007/3-540-31188-2},
	edition={1}
}
